% This file was created with JabRef 2.9.2.
% Encoding: ISO8859_1

% Order alphabetically
% Use something like https://flamingtempura.github.io/bibtex-tidy/ to clean all your bibtex entries

@incollection{bernauer_playing_2012,
    title        = {Playing for {C}hrist: {C}hristians and Computer games},
    author       = {Bernauer, Lauren},
    booktitle    = {Handbook of Hyper-Real Religions},
    publisher    = {Brill},
    series       = {Brill Handbooks on Contemporary Religions},
    volume       = 5,
    urldate      = {2024-05-21},
    editor       = {Possamai, Adam},
    editorb      = {Cusack, Carol M. and Lewis, James R.},
    editorbtype  = {redactor},
    date         = 2012,
    langid       = {english}
}
@online{biblebyte_games_about_nodate,
    title        = {About Us},
    author       = {{BibleByte Games}},
    url          = {https://www.biblebytegames.com/about-us/},
    urldate      = {2024-12-06},
    langid       = {american}
}
@book{bogost_persuasive_2007,
    title        = {Persuasive Games: The Expressive Power of Videogames},
    author       = {Bogost, Ian},
    location     = {Cambridge, England},
    publisher    = {The {MIT} Press},
    date         = 2007,
    keywords     = {Video games - Social aspects}
}
@book{flanagan_values_2014,
    title        = {Values at Play in Digital Games},
    author       = {Flanagan, Mary and Nissenbaum, Helen},
    location     = {Cambridge, England},
    publisher    = {The {MIT} Press},
    edition      = {1st edition},
    date         = 2014
}
@online{goldfarb_holy_2012,
    title        = {‘Holy Grail of {A}tari Games’ Sells for \$10,000},
    author       = {Goldfarb, Andrew},
    url          = {https://www.ign.com/articles/2012/09/10/holy-grail-of-atari-games-sells-for-10000},
    urldate      = {2024-12-16},
    titleaddon   = {{IGN}},
    date         = 2012,
    langid       = {english}
}
@online{gonzalez_religious_2022,
    title        = {The Religious Video Game Index},
    author       = {Gonzalez, Vivian},
    url          = {https://www.religiousgames.org/},
    urldate      = {2024-12-06},
    date         = 2022,
    langid       = {english}
}
@online{innocentbystander_why_2009,
    title        = {Why Aren't There Any Good {C}hristian Video Games?},
    author       = {{innocentbystander}},
    url          = {https://www.reddit.com/r/gaming/comments/89bg5/comment/c08lqjy/},
    urldate      = {2024-12-16},
    titleaddon   = {r/gaming},
    date         = {2009-04-02}
}
@online{lucky_chorus_2023,
    title        = {A Chorus of Replies about Church Worship},
    author       = {Lucky, Kate and Mellen, Alexandra},
    url          = {https://www.christianitytoday.com/2023/08/letters-conversation-church-worship-forgiveness-video-game/},
    urldate      = {2024-12-16},
    titleaddon   = {Christianity Today},
    date         = 2023,
    langid       = {american}
}
@misc{moon_channel_why_2023,
    title        = {Why Aren't There Any Good {C}hristian Games?},
    author       = {{Moon Channel}},
    url          = {https://www.youtube.com/watch?v=COiNrIM9KVE},
    urldate      = {2024-05-15},
    date         = 2023
}
@inreference{noauthor_list_2024,
    title        = {List of {C}hristian video games},
    booktitle    = {Wikipedia},
    url          = {https://en.wikipedia.org/w/index.php?title=List_of_Christian_video_games&oldid=1225144290},
    urldate      = {2024-05-27},
    rights       = {Creative Commons Attribution-{ShareAlike} License},
    date         = {2024-05-22},
    langid       = {english},
    keywords     = {text}
}
@misc{numinous_games_that_2016,
    title        = {That Dragon, Cancer},
    author       = {{Numinous Games}},
    note         = {Windows},
    date         = 2016
}
@incollection{schut_making_2013,
    title        = {Making a Different World: {C}hristians Building Video Games},
    author       = {Schut, Kevin and Schultze, Quentin},
    booktitle    = {Of Games and {G}od: A {C}hristian Exploration Of Video Games},
    location     = {Grand Rapids, Mich},
    publisher    = {Baker Publishing Group},
    pages        = {127--148},
    note         = {Kindle edition},
    date         = 2013,
    keywords     = {text}
}
@book{wildt_pop_2023,
    title        = {The Pop Theology of Videogames: Producing and Playing with Religion},
    shorttitle   = {The Pop Theology of Videogames},
    author       = {Wildt, Lars},
    publisher    = {Amsterdam University Press},
    doi          = {10.5117/9789463729864},
    url          = {https://www.aup.nl/en/book/9789463729864},
    urldate      = {2024-05-14},
    rights       = {https://creativecommons.org/licenses/by-nc-nd/4.0/},
    editor       = {Fernández-Vara, Clara and Jansz, Jeroen and Raessens, Joost},
    date         = 2023,
    langid       = {english}
}
