% This file was created with JabRef 2.9.2.
% Encoding: ISO8859_1

% Order alphabetically
% Make sure all are consistent -- e.g. either all have Month or None do
% Use something like https://flamingtempura.github.io/bibtex-tidy/ to clean all your bibtex entries

@online{crashable_studios_alum_2015,
	title        = {Alum on Steam},
	author       = {{Crashable Studios}},
	url          = {https://store.steampowered.com/app/338420/Alum/},
	urldate      = {2025-04-24},
	titleaddon   = {Steam},
	date         = 2015,
	langid       = {english}
}
@online{hartgrove_why_2022,
	title        = {Why Are {C}hristian Video Games So Bad?},
	author       = {Hartgrove, Wes},
	url          = {https://medium.com/@mediocratesgames/why-are-christian-video-games-so-bad-ec1ef47afa0b},
	urldate      = {2025-03-05},
	titleaddon   = {Medium},
	date         = {2022-07-31},
	langid       = {english}
}
@article{paulissen_dark_2018,
	title = {The Dark of the {C}ovenant: {C}hristian Imagery, Fundamentalism, and the Relationship between Science and Religion in the {H}alo Video Game Series},
	volume = {9},
	issn = {2077-1444},
	url = {https://www.mdpi.com/2077-1444/9/4/126},
	doi = {10.3390/rel9040126},
	shorttitle = {The Dark of the Covenant},
	pages = {126},
	number = {4},
	journaltitle = {Religions},
	author = {Paulissen, P. C. J. M. (Jarell)},
	urldate = {2025-04-24},
	date = {2018},
	langid = {english}
}
